@article{bishop2003computer,
  title={What is computer security?},
  author={Bishop, Matt},
  journal={IEEE Security \& Privacy},
  volume={1},
  number={1},
  pages={67--69},
  year={2003},
  publisher={IEEE}
}

@misc{dei2013quadro,
  title={Quadro strategico nazionale per la sicurezza dello spazio cibernetico},
  author={dei Ministri, Presidenza del Consiglio},
  year={2013},
  publisher={Disponibile al sito internet: www. agid. gov. it/sites/default/files~…}
}

@article{baldoni2015futuro,
  title={Il Futuro della Cyber Security in Italia},
  author={Baldoni, Roberto and De Nicola, Rocco},
  journal={Consorzio Interuniversitario Nazionale Informatica, November},
  volume={201},
  number={5},
  year={2015}
}

@ARTICLE{4757237,  author={Kuhn, Rick and Rossman, Hart and Liu, Simon},  journal={IT Professional},   title={Introducing "Insecure IT"},   year={2009},  volume={11},  number={1},  pages={24-26},  doi={10.1109/MITP.2009.10}}

@misc{Vulnerability,
    title={What is a vulnerability?},
    howpublished = {\url{https://www.ictea.com/cs/knowledgebase.php?action=displayarticle&id=2092&language=italian}}
}

@misc{LazioAttack,
    title={Attacco hacker alla regione Lazio: cosa sappiamo e cosa ci insegna},
    year={2021},
    howpublished={\url{https://www.pandasecurity.com/it/mediacenter/sicurezza/attacco-regione-lazio/}}
}

@misc{Ransomware,
    title={Ransomware},
    howpublished={\url{https://www.garanteprivacy.it/temi/cybersecurity/ransomware}}
}

@misc{SicurezzaCibernetica,
    title={Sicurezza Cibernetica},
    howpublished={\url{https://temi.camera.it/leg18/temi/sicurezza_cybernetica.html}}
}

@misc{nis,
    title={Direttiva NIS},
    howpublished={\url{https://eur-lex.europa.eu/legal-content/IT/TXT/PDF/?uri=CELEX:32016L1148&from=NL}}
}

@misc{nis2,
    title={Direttiva NIS2},
    howpublished={\url{https://www.europarl.europa.eu/RegData/etudes/BRIE/2021/689333/EPRS_BRI(2021)689333_EN.pdf}}
}

@misc{clusit,
    title={Clusit - Associazione Italiana per la Sicurezza Informatica},
    howpublished={\url{https://clusit.it/}}
}

@misc{clusitReport,
    title={Rapporto 2022 sulla Sicurezza ICT in Italia - Edizione di marzo 2022},
    howpublished={\url{https://clusit.it/rapporto-clusit/}}
}

@article{italiano2021piano,
  title={Piano Nazionale di Ripresa e Resilienza (PNRR)},
  author={Italiano, Governo},
  journal={Roma, Palazzo Chigi},
  volume={25},
  year={2021}
}

@article{saini2012cyber,
  title={Cyber-crimes and their impacts: A review},
  author={Saini, Hemraj and Rao, Yerra Shankar and Panda, Tarini Charan},
  journal={International Journal of Engineering Research and Applications},
  volume={2},
  number={2},
  pages={202--209},
  year={2012}
}

@inproceedings{shamal2017study,
  title={A study on software vulnerability prediction model},
  author={Shamal, PK and Rahamathulla, K and Akbar, Ali},
  booktitle={2017 International Conference on Wireless Communications, Signal Processing and Networking (WiSPNET)},
  pages={703--706},
  year={2017},
  organization={IEEE}
}

@inproceedings{yang2016improving,
  title={Improving vulnerability prediction accuracy with secure coding standard violation measures},
  author={Yang, Joonseok and Ryu, Duksan and Baik, Jongmoon},
  booktitle={2016 International Conference on Big Data and Smart Computing (BigComp)},
  pages={115--122},
  year={2016},
  organization={IEEE}
}

@misc{Hardware_Vulnerability,
    title={Hardware Vulnerability},
    howpublished = {\url{https://www.cyber.gov.au/acsc/view-all-content/glossary/hardware-vulnerabilities}}
}

@misc{Vulnerability_zero_day,
    title={Vulnerability zero day},
    howpublished = {\url{https://www.kaspersky.com/resource-center/definitions/zero-day-exploit}}
}

@misc{0patch,
    title={Remote Code Execution Vulnerability in Zoom Client for Windows},
    howpublished = {\url{https://blog.0patch.com/2020/07/remote-code-execution-vulnerability-in.htmlhttps://blog.0patch.com/2020/07/remote-code-execution-vulnerability-in.html}}
}

@misc{Forbes,
    title={Zoom Confirms Zero-Day Security Vulnerability For Windows 7 Users},
    howpublished = {\url{https://www.forbes.com/sites/daveywinder/2020/07/10/zoom-confirms-zero-day-security-vulnerability-for-windows-7-users/?sh=63abaaca753d}}
}
@misc{OWASP,
    title={OWASP},
    howpublished = {\url{https://owasp.org/}}
}

@misc{Buffer_Overflow,
    title={Buffer Overflow},
    howpublished = {\url{https://owasp.org/www-community/vulnerabilities/Buffer_Overflow}}
}

@misc{OWASP_top_10,
    title={OWASP top 10},
    howpublished = {\url{https://owasp.org/Top10/}}
}

@inproceedings{zimmermann2010searching,
  title={Searching for a needle in a haystack: Predicting security vulnerabilities for windows vista},
  author={Zimmermann, Thomas and Nagappan, Nachiappan and Williams, Laurie},
  booktitle={2010 Third international conference on software testing, verification and validation},
  pages={421--428},
  year={2010},
  organization={IEEE}
}

@article{shin2010evaluating,
  title={Evaluating complexity, code churn, and developer activity metrics as indicators of software vulnerabilities},
  author={Shin, Yonghee and Meneely, Andrew and Williams, Laurie and Osborne, Jason A},
  journal={IEEE transactions on software engineering},
  volume={37},
  number={6},
  pages={772--787},
  year={2010},
  publisher={IEEE}
}

@article{scandariato2014predicting,
  title={Predicting vulnerable software components via text mining},
  author={Scandariato, Riccardo and Walden, James and Hovsepyan, Aram and Joosen, Wouter},
  journal={IEEE Transactions on Software Engineering},
  volume={40},
  number={10},
  pages={993--1006},
  year={2014},
  publisher={IEEE}
}

@inproceedings{walden2014predicting,
  title={Predicting vulnerable components: Software metrics vs text mining},
  author={Walden, James and Stuckman, Jeff and Scandariato, Riccardo},
  booktitle={2014 IEEE 25th international symposium on software reliability engineering},
  pages={23--33},
  year={2014},
  organization={IEEE}
}

@inproceedings{neuhaus2007predicting,
  title={Predicting vulnerable software components},
  author={Neuhaus, Stephan and Zimmermann, Thomas and Holler, Christian and Zeller, Andreas},
  booktitle={Proceedings of the 14th ACM conference on Computer and communications security},
  pages={529--540},
  year={2007}
}

@inproceedings{nguyen2010predicting,
  title={Predicting vulnerable software components with dependency graphs},
  author={Nguyen, Viet Hung and Tran, Le Minh Sang},
  booktitle={Proceedings of the 6th International Workshop on Security Measurements and Metrics},
  pages={1--8},
  year={2010}
}

@article{theisen2020better,
  title={Better together: Comparing vulnerability prediction models},
  author={Theisen, Christopher and Williams, Laurie},
  journal={Information and Software Technology},
  volume={119},
  pages={106204},
  year={2020},
  publisher={Elsevier}
}


@inproceedings{massacci2010right,
  title={Which is the right source for vulnerability studies? an empirical analysis on mozilla firefox},
  author={Massacci, Fabio and Nguyen, Viet Hung},
  booktitle={Proceedings of the 6th International Workshop on Security Measurements and Metrics},
  pages={1--8},
  year={2010}
}

@misc{CVE,
    title={\MakeUppercase{CVE}},
    howpublished = {\url{https://www.cve.org/}}
}
@misc{NVD,
    title={\MakeUppercase{NVD}},
    howpublished = {\url{https://nvd.nist.gov/}}
}

@misc{MFSA,
    title={\MakeUppercase{MFSA}},
    howpublished = {\url{https://www.mozilla.org/en-US/security/advisories/}}
}

@misc{Mozilla_Bugzilla,
    title={Mozilla Bugzilla},
    howpublished = {\url{https://bugzilla.mozilla.org/describecomponents.cgi}}
}

@misc{RedHat_Linux_Bugzilla,
    title={RedHat Linux Bugzilla},
    howpublished = {\url{https://bugzilla.redhat.com/}}
}

@misc{cloudFoundry,
    title={Cloud Foundry},
    howpublished = {\url{https://github.com/cloudfoundry/uaa}}
}

@misc{Spring-framework,
    title={Spring Framework},
    howpublished = {\url{https://github.com/spring-projects/spring-framework}}
}

@inproceedings{ponta2019msr,
    author={Serena E. Ponta and Henrik Plate and Antonino Sabetta and Michele Bezzi and
    C´edric Dangremont},
    title={A Manually-Curated Dataset of Fixes to Vulnerabilities of Open-Source Software},
    booktitle={Proceedings of the 16th International Conference on Mining Software Repositories},
    year=2019,
    month=May,
}

@article{scikit-learn,
 title={Scikit-learn: Machine Learning in {P}ython},
 author={Pedregosa, F. and Varoquaux, G. and Gramfort, A. and Michel, V.
         and Thirion, B. and Grisel, O. and Blondel, M. and Prettenhofer, P.
         and Weiss, R. and Dubourg, V. and Vanderplas, J. and Passos, A. and
         Cournapeau, D. and Brucher, M. and Perrot, M. and Duchesnay, E.},
 journal={Journal of Machine Learning Research},
 volume={12},
 pages={2825--2830},
 year={2011}
}


@misc{SeSa-Lab,
    title={SeSa Lab},
    howpublished = {\url{https://sesalabunisa.github.io/en/index.html}}
}

@article{kaufman2012leakage,
  title={Leakage in data mining: Formulation, detection, and avoidance},
  author={Kaufman, Shachar and Rosset, Saharon and Perlich, Claudia and Stitelman, Ori},
  journal={ACM Transactions on Knowledge Discovery from Data (TKDD)},
  volume={6},
  number={4},
  pages={1--21},
  year={2012},
  publisher={ACM New York, NY, USA}
}